@article{mainPaper,
  title={Differential evolution with improved individual-based parameter setting and selection strategy},
  author={Tian, Mengnan and Gao, Xingbao and Dai, Cai},
  journal={Applied Soft Computing},
  volume={56},
  pages={286--297},
  year={2017},
  publisher={Elsevier}
}
